<?xml version="1.0" encoding="UTF-8"?><record xmlns="http://www.loc.gov/MARC21/slim" xmlns:cinclude="http://apache.org/cocoon/include/1.0" xmlns:zs="http://www.loc.gov/zing/srw/">
  <leader>00439nz  a2200145n  4500</leader>
  <controlfield tag="001">no2014087513</controlfield>
  <controlfield tag="003">DLC</controlfield>
  <controlfield tag="005">20140628073542.0</controlfield>
  <controlfield tag="008">140627n| azannaabn          |a aaa     c</controlfield>
  <datafield tag="010" ind1=" " ind2=" ">
    <subfield code="a">no2014087513</subfield>
  </datafield>
  <datafield tag="035" ind1=" " ind2=" ">
    <subfield code="a">(OCoLC)oca09893787</subfield>
  </datafield>
  <datafield tag="040" ind1=" " ind2=" ">
    <subfield code="a">NNFr</subfield>
    <subfield code="b">eng</subfield>
    <subfield code="e">rda</subfield>
    <subfield code="c">NNFr</subfield>
  </datafield>
  <datafield tag="100" ind1="1" ind2=" ">
    <subfield code="a">Köhler, Jano,</subfield>
    <subfield code="d">1873-1941.</subfield>
    <subfield code="t">Works.</subfield>
    <subfield code="k">Selections</subfield>
  </datafield>
  <datafield tag="400" ind1="1" ind2=" ">
    <subfield code="a">Köhler, Jano,</subfield>
    <subfield code="d">1873-1941.</subfield>
    <subfield code="t">Jano Köhler, 1873-1941, 2013.</subfield>
  </datafield>
  <datafield tag="670" ind1=" " ind2=" ">
    <subfield code="a">Jano Köhler, 1873-1941, 2013.</subfield>
  </datafield>
</record>